<?xml version="1.0" encoding="UTF-8"?>
<collection>
<record type="Authority"><leader>00200nz##a2200097n# 4500</leader><controlfield tag="001">21498141</controlfield><controlfield tag="008">211223|| |||||||||__________||_|||____| </controlfield><datafield ind1=" " ind2=" " tag="040"><subfield code="a">BE-KBR00</subfield><subfield code="#">0</subfield></datafield><datafield ind1="1" ind2=" " tag="100"><subfield code="a">Bache, Léon</subfield><subfield code="#">0</subfield></datafield><datafield ind1=" " ind2=" " tag="370"><subfield code="c">be</subfield><subfield code="#">0</subfield></datafield><datafield ind1=" " ind2=" " tag="949"><subfield code="z">b</subfield></datafield></record>