
<record type="Authority"><leader>00205nz##a2200097n# 4500</leader><controlfield tag="001">21498142</controlfield><controlfield tag="008">211223|| |||||||||__________||_|||____| </controlfield><datafield ind1=" " ind2=" " tag="040"><subfield code="a">BE-KBR00</subfield><subfield code="#">0</subfield></datafield><datafield ind1="1" ind2=" " tag="100"><subfield code="a">Dendooven, Firmin</subfield><subfield code="#">0</subfield></datafield><datafield ind1=" " ind2=" " tag="370"><subfield code="c">be</subfield><subfield code="#">0</subfield></datafield><datafield ind1=" " ind2=" " tag="949"><subfield code="z">b</subfield></datafield></record>