
<record type="Authority"><leader>00365nz##a2200145n# 4500</leader><controlfield tag="001">21521386</controlfield><controlfield tag="008">220126|| |||||||||__________||_|||____| </controlfield><datafield ind1=" " ind2=" " tag="040"><subfield code="a">BE-KBR00</subfield><subfield code="#">0</subfield></datafield><datafield ind1="1" ind2=" " tag="100"><subfield code="a">Laureys, Lucas</subfield><subfield code="#">0</subfield></datafield><datafield ind1=" " ind2=" " tag="370"><subfield code="c">be</subfield><subfield code="#">0</subfield></datafield><datafield ind1=" " ind2=" " tag="375"><subfield code="a">M</subfield><subfield code="#">0</subfield></datafield><datafield ind1=" " ind2=" " tag="377"><subfield code="a">dut</subfield><subfield code="#">0</subfield></datafield><datafield ind1=" " ind2=" " tag="510"><subfield code="*">21521376</subfield><subfield code="a">Van de Velde nv</subfield><subfield code="#">0</subfield></datafield><datafield ind1=" " ind2=" " tag="678"><subfield code="a">voorzitter van de raad van bestuur van Van de Velde nv</subfield><subfield code="#">0</subfield></datafield><datafield ind1=" " ind2=" " tag="949"><subfield code="z">b</subfield></datafield></record>