
<record type="Authority"><leader>00390nz##a2200145n# 4500</leader><controlfield tag="001">21543749</controlfield><controlfield tag="008">220215|| |||||||||__________||_|||____| </controlfield><datafield ind1=" " ind2=" " tag="040"><subfield code="a">BE-KBR00</subfield><subfield code="#">0</subfield></datafield><datafield ind1="1" ind2=" " tag="100"><subfield code="a">De Schuytener, Guillaume François</subfield><subfield code="d">c. 1791</subfield><subfield code="#">0</subfield></datafield><datafield ind1=" " ind2=" " tag="370"><subfield code="c">be</subfield><subfield code="#">0</subfield></datafield><datafield ind1=" " ind2=" " tag="375"><subfield code="a">M</subfield><subfield code="#">0</subfield></datafield><datafield ind1=" " ind2=" " tag="377"><subfield code="a">fre</subfield><subfield code="#">0</subfield></datafield><datafield ind1="1" ind2=" " tag="400"><subfield code="a">Deschuytener, Guillaume François</subfield><subfield code="#">0</subfield></datafield><datafield ind1=" " ind2=" " tag="678"><subfield code="a">Directeur des verreries près de Mariemont</subfield><subfield code="#">0</subfield></datafield><datafield ind1=" " ind2=" " tag="949"><subfield code="z">b</subfield></datafield></record>