
<record type="Authority"><leader>00274nz##a2200109n# 4500</leader><controlfield tag="001">21207974</controlfield><controlfield tag="008">210207|| |||||||||__________||_|||____| </controlfield><datafield ind1=" " ind2=" " tag="040"><subfield code="a">BE-KBR00</subfield><subfield code="#">0</subfield></datafield><datafield ind1="1" ind2=" " tag="100"><subfield code="a">van Brussel, A.R.</subfield><subfield code="d">ca. 16e siècle / eeuw</subfield><subfield code="#">0</subfield></datafield><datafield ind1=" " ind2=" " tag="370"><subfield code="c">be</subfield><subfield code="#">0</subfield></datafield><datafield ind1=" " ind2=" " tag="678"><subfield code="a">Belgica typographica  941</subfield><subfield code="#">0</subfield></datafield><datafield ind1=" " ind2=" " tag="949"><subfield code="z">b</subfield></datafield></record>