
<record type="Authority"><leader>00414nz##a2200145n# 4500</leader><controlfield tag="001">21099399</controlfield><controlfield tag="008">201110|| |||||||||__________||_|||____| </controlfield><datafield ind1=" " ind2=" " tag="024"><subfield code="a">--</subfield><subfield code="2">isni</subfield><subfield code="#">0</subfield></datafield><datafield ind1=" " ind2=" " tag="040"><subfield code="a">BE-KBR00</subfield><subfield code="#">0</subfield></datafield><datafield ind1="1" ind2=" " tag="100"><subfield code="a">Fauconnier, Jacques</subfield><subfield code="c">écrivain wallon</subfield><subfield code="d">1863-1929</subfield><subfield code="#">0</subfield></datafield><datafield ind1=" " ind2=" " tag="370"><subfield code="c">be</subfield><subfield code="#">0</subfield></datafield><datafield ind1=" " ind2=" " tag="375"><subfield code="a">M</subfield><subfield code="#">0</subfield></datafield><datafield ind1=" " ind2=" " tag="377"><subfield code="a">wln</subfield><subfield code="#">0</subfield></datafield><datafield ind1=" " ind2=" " tag="680"><subfield code="a">Dictionnaire bio-bibliographique des littérateurs d'expression wallonne. 1622 à 1950</subfield><subfield code="#">0</subfield></datafield><datafield ind1=" " ind2=" " tag="949"><subfield code="z">c</subfield></datafield></record>