
<record type="Authority"><leader>00245nz##a2200121n# 4500</leader><controlfield tag="001">21636244</controlfield><controlfield tag="008">220603|| |||||||||__________||_|||____| </controlfield><datafield ind1=" " ind2=" " tag="040"><subfield code="a">BE-KBR00</subfield><subfield code="#">0</subfield></datafield><datafield ind1="1" ind2=" " tag="100"><subfield code="a">Corteel, Erik</subfield><subfield code="#">0</subfield></datafield><datafield ind1=" " ind2=" " tag="370"><subfield code="c">be</subfield><subfield code="#">0</subfield></datafield><datafield ind1=" " ind2=" " tag="375"><subfield code="a">M</subfield><subfield code="#">0</subfield></datafield><datafield ind1=" " ind2=" " tag="377"><subfield code="a">dut</subfield><subfield code="#">0</subfield></datafield><datafield ind1=" " ind2=" " tag="949"><subfield code="z">b</subfield></datafield></record>