
<record type="Authority"><leader>00456nz##a2200169n# 4500</leader><controlfield tag="001">21684204</controlfield><controlfield tag="008">220818|| |||||||||__________||_|||____| </controlfield><datafield ind1=" " ind2=" " tag="040"><subfield code="a">BE-KBR00</subfield><subfield code="#">0</subfield></datafield><datafield ind1="1" ind2=" " tag="100"><subfield code="a">de Corroy, Jacques</subfield><subfield code="#">0</subfield></datafield><datafield ind1=" " ind2=" " tag="370"><subfield code="c">be</subfield><subfield code="#">0</subfield></datafield><datafield ind1=" " ind2=" " tag="371"><subfield code="a">Avenue Marvel, 27</subfield><subfield code="b">Corroy-le-Château</subfield><subfield code="d">Belgique</subfield><subfield code="e">5032</subfield><subfield code="m">jacques.bouckoms@gmail.com</subfield><subfield code="#">0</subfield></datafield><datafield ind1=" " ind2=" " tag="375"><subfield code="a">M</subfield><subfield code="#">0</subfield></datafield><datafield ind1=" " ind2=" " tag="377"><subfield code="a">fre</subfield><subfield code="#">0</subfield></datafield><datafield ind1="1" ind2=" " tag="400"><subfield code="a">Bouckoms, Jacques</subfield><subfield code="#">0</subfield></datafield><datafield ind1=" " ind2=" " tag="678"><subfield code="a">Artiste- peintre</subfield><subfield code="#">0</subfield></datafield><datafield ind1=" " ind2=" " tag="941"><subfield code="a">+32 81 63 37 01</subfield></datafield><datafield ind1=" " ind2=" " tag="949"><subfield code="z">b</subfield></datafield></record>