
<record type="Authority"><leader>00246nz##a2200121n# 4500</leader><controlfield tag="001">21709883</controlfield><controlfield tag="008">220927|| |||||||||__________||_|||____| </controlfield><datafield ind1=" " ind2=" " tag="040"><subfield code="a">BE-KBR00</subfield><subfield code="#">0</subfield></datafield><datafield ind1="1" ind2=" " tag="100"><subfield code="a">Beckers, Frans</subfield><subfield code="#">0</subfield></datafield><datafield ind1=" " ind2=" " tag="370"><subfield code="c">be</subfield><subfield code="#">0</subfield></datafield><datafield ind1=" " ind2=" " tag="375"><subfield code="a">M</subfield><subfield code="#">0</subfield></datafield><datafield ind1=" " ind2=" " tag="377"><subfield code="a">dut</subfield><subfield code="#">0</subfield></datafield><datafield ind1=" " ind2=" " tag="949"><subfield code="z">b</subfield></datafield></record>
</collection>
